<?xml version="1.0" encoding="UTF-8"?><collection xmlns="http://www.loc.gov/MARC21/slim"><record><leader>00409nam--2200157-i-4500</leader><controlfield tag="001">000032584</controlfield><controlfield tag="002">20161230</controlfield><controlfield tag="005">20170122000617</controlfield><controlfield tag="008">060222s1000------------r-----000-0-eng-d</controlfield><datafield ind1=" " ind2=" " tag="080"><subfield code="a">389.6:674.2</subfield></datafield><datafield ind1=" " ind2=" " tag="245"><subfield code="a">Mobilier si accesorii. (colectie stas)</subfield></datafield><datafield ind1=" " ind2=" " tag="260"><subfield code="a">Bucuresti</subfield><subfield code="b">Ed.Tehnica</subfield><subfield code="c">1973</subfield></datafield><datafield ind1=" " ind2=" " tag="300"><subfield code="a">640 p</subfield></datafield><datafield ind1=" " ind2=" " tag="490"><subfield code="a">Bibl.Standardizarii. Seria Tehnica</subfield></datafield><datafield ind1=" " ind2=" " tag="852"><subfield code="a">36678</subfield></datafield><datafield ind1=" " ind2=" " tag="CAT"><subfield code="a">SYS</subfield><subfield code="c">20170122</subfield><subfield code="h">000617</subfield></datafield></record></collection>